@misc{MyGithub,
  author = {Hasham Masood},
  title = {COMP3100-Project},
  year = {S1, 2023},
  publisher = {GitHub},
  journal = {GitHub Repository},
  howpublished = {\url{https://github.com/Hashy01/COMP3100Project}},
}

@misc{MQGithub,
  author = {Young C. Lee},
  title = {ds-sim},
  year = {S1, 2023},
  publisher = {GitHub},
  journal = {GitHub Repository},
  howpublished = {\url{https://github.com/distsys-MQ/ds-sim}},
}